<record><leader>00000cas a22000007a 4500</leader><controlfield tag="001">9954323</controlfield><controlfield tag="008">830927d18881901ksuwr ne      0    0eng d</controlfield><datafield ind1=" " ind2=" " tag="010"><subfield code="a">sn 83040348 </subfield></datafield><datafield ind1=" " ind2=" " tag="040"><subfield code="a">KSH</subfield><subfield code="b">eng</subfield><subfield code="c">KSH</subfield><subfield code="d">NPT</subfield><subfield code="d">OCLCQ</subfield></datafield><datafield ind1=" " ind2=" " tag="042"><subfield code="a">msc</subfield></datafield><datafield ind1=" " ind2=" " tag="043"><subfield code="a">n-us-ks</subfield></datafield><datafield ind1="0" ind2=" " tag="130"><subfield code="a">Everest enterprise (Everest, Kan. : 1888)</subfield></datafield><datafield ind1="1" ind2="4" tag="245"><subfield code="a">The Everest enterprise.</subfield></datafield><datafield ind1=" " ind2=" " tag="260"><subfield code="a">Everest, Kan. :</subfield><subfield code="b">Lowe &amp; Green,</subfield><subfield code="c">1888-1901.</subfield></datafield><datafield ind1=" " ind2=" " tag="300"><subfield code="a">13 v. ;</subfield><subfield code="c">49-58 cm.</subfield></datafield><datafield ind1=" " ind2=" " tag="310"><subfield code="a">Weekly</subfield></datafield><datafield ind1="0" ind2=" " tag="362"><subfield code="a">Vol. 1, no. 1 (Mar. 9, 1888)-v. 13, no. 43 (July 4, 1901).</subfield></datafield><datafield ind1=" " ind2=" " tag="500"><subfield code="a">"Independent."</subfield></datafield><datafield ind1=" " ind2=" " tag="500"><subfield code="a">Published on Friday.</subfield></datafield><datafield ind1=" " ind2=" " tag="515"><subfield code="a">Suspended Oct. 5, 1888-&lt;May 3, 1889&gt;.</subfield></datafield><datafield ind1=" " ind2=" " tag="530"><subfield code="a">Available on microfilm from Micro Photo.</subfield></datafield><datafield ind1=" " ind2=" " tag="752"><subfield code="a">United States</subfield><subfield code="b">Kansas</subfield><subfield code="c">Brown</subfield><subfield code="d">Everest.</subfield></datafield><datafield ind1="0" ind2="0" tag="780"><subfield code="t">Free press (Hiawatha, Kan.)</subfield><subfield code="w">(DLC)sn 83040359</subfield></datafield><datafield ind1="0" ind2="0" tag="785"><subfield code="t">Enterprise (Everest, Kan.)</subfield><subfield code="w">(DLC)sn 83040349</subfield></datafield></record>